@article{StarrMcMullen2010,
	author = {{Starr McMullen}, B. and Zhang, Lei and Nakahara, Kyle},
	doi = {10.1016/j.tranpol.2010.04.002},
	issn = {0967070X},
	journal = {Transport Policy},
	keywords = {Fuel tax,Highway user fee,Tax incidence,VMT tax,Vehicle-miles traveled (VMT)},
	month = {nov},
	number = {6},
	pages = {359--366},
	title = {{Distributional impacts of changing from a gasoline tax to a vehicle-mile tax for light vehicles: A case study of Oregon}},
	url = {https://linkinghub.elsevier.com/retrieve/pii/S0967070X1000051X},
	volume = {17},
	year = {2010}
}


@article{Larsen2012,
	author = {Larsen, Lisa and Burris, Mark and Pearson, David and Ellis, Patricia},
	doi = {10.3141/2297-02},
	issn = {0361-1981},
	journal = {Transportation Research Record: Journal of the Transportation Research Board},
	month = {jan},
	number = {1},
	pages = {11--20},
	title = {{Equity Evaluation of Fees for Vehicle Miles Traveled in Texas}},
	volume = {2297},
	year = {2012}
}

@article{Jiao2020,
	author = {Jiao, Junfeng and Bischak, Chris and Hyden, Sarah},
	doi = {10.1016/j.tbs.2019.11.001},
	issn = {2214367X},
	journal = {Travel Behaviour and Society},
	month = {apr},
	pages = {1--7},
	title = {{The impact of shared mobility on trip generation behavior in the US: Findings from the 2017 National Household Travel Survey}},
	volume = {19},
	year = {2020}
}


@article{Kockelman2005,
	author = {Kockelman, Kara M and Kalmanje, Sukumar},
	journal = {Transportation Research Part A: Policy and Practice},
	number = {7-9},
	pages = {671--690},
	publisher = {Elsevier},
	title = {{Credit-based congestion pricing: a policy proposal and the public's response}},
	volume = {39},
	year = {2005}
}
@article{Small2005a,
	author = {Small, Kenneth A. and Winston, Clifford and Yan, Jia},
	doi = {10.1111/j.1468-0262.2005.00619.x},
	issn = {00129682},
	journal = {Econometrica},
	keywords = {Congestion pricing,Mixed logit,Product differentiation,Stated preference,Value of time},
	mendeley-groups = {Dissertation/VOT},
	number = {4},
	pages = {1367--1382},
	title = {{Uncovering the distribution of motorists' preferences for travel time and reliability}},
	volume = {73},
	year = {2005}
}
@article{Probst2007,
	author = {Probst, Janice C. and Laditka, Sarah B. and Wang, Jong-Yi and Johnson, Andrew O.},
	doi = {10.1186/1472-6963-7-40},
	issn = {1472-6963},
	journal = {BMC Health Services Research},
	month = {dec},
	number = {1},
	pages = {40},
	pmid = {17349050},
	title = {{Effects of residence and race on burden of travel for care: cross sectional analysis of the 2001 US National Household Travel Survey}},
	url = {https://bmchealthservres.biomedcentral.com/articles/10.1186/1472-6963-7-40},
	volume = {7},
	year = {2007}
}
@article{Hossinger2020,
	author = {H{\"{o}}ssinger, Reinhard and Aschauer, Florian and Jara-D{\'{i}}az, Sergio and Jokubauskaite, Simona and Schmid, Basil and Peer, Stefanie and Axhausen, Kay W. and Gerike, Regine},
	doi = {10.1007/s11116-019-10022-w},
	isbn = {0123456789},
	issn = {0049-4488},
	journal = {Transportation},
	keywords = {Expenditure allocation,Segmentation,Time use,Value of leisure,Value of time assigned to travel},
	month = {jun},
	number = {3},
	pages = {1439--1475},
	publisher = {Springer US},
	title = {{A joint time-assignment and expenditure-allocation model: value of leisure and value of time assigned to travel for specific population segments}},
	url = {https://doi.org/10.1007/s11116-019-10022-w http://link.springer.com/10.1007/s11116-019-10022-w},
	volume = {47},
	year = {2020}
}
@article{Santos2006,
	author = {Santos, Georgina and Bhakar, Jasvinder},
	doi = {10.1016/j.tranpol.2005.07.002},
	issn = {0967070X},
	journal = {Transport Policy},
	number = {1},
	pages = {22--33},
	title = {{The impact of the London congestion charging scheme on the generalised cost of car commuters to the city of London from a value of travel time savings perspective}},
	volume = {13},
	year = {2006}
}




@misc{NHTS2017,
	author = {{United States Department of Transportation. Federal Highway Administration}},
	title = {{National Household Travel Survey}},
	url = {https://nhts.ornl.gov/},
	year = {2017}
}

@techreport{MTS2012,
  author = {{Massachusetts Department of Transportation}},
  institution = {Massachusetts Department of Transportation},
  pages = {94},
  title = {{Massachusetts Travel Survey [data file]}},
  url = {https://www.mass.gov/files/documents/2017/10/17/MTSFinalReport.pdf},
  year = {2012}
}

@techreport{BLS2019,
  author = {{Bureau of Labor Statistic}},
  title = {{Consumer Price Index}},
  url = {https://www.bls.gov/cpi/},
  year = {2019}
}


@misc{Croissant2019,
  author = {Croissant, Yves},
  institution = {ETH Zurich},
  title = {{R-Package `mlogit'}},
  url = {https://cran.r-project.org/web/packages/mlogit/index.html},
  year = {2019}
}

@techreport{AAA2018,
  address = {Heathrow, FL},
  author = {{AAA Association Communication}},
  institution = {American Automobile Association},
  pages = {12},
  title = {{Your Driving Costs: How Much Are You Really Worth?}},
  url = {https://exchange.aaa.com/wp-content/uploads/2018/09/18-0090{\_}2018-Your-Driving-Costs-Brochure{\_}FNL-Lo-5-2.pdf},
  year = {2018}
}

@misc{NUMBEO2019,
  author = {NUMBEO},
  title = {{Taxi Fares in Boston, MA, United States}},
  url = {https://www.numbeo.com/taxi-fare/in/Boston},
  year = {2019}
}

@article{Ben-Akiva1997,
  author = {Ben-Akiva, Moshe and McFadden, Daniel and Abe, Makoto and B{\"{o}}ckenholt, Ulf and Bolduc, Denis and Gopinath, Dinesh and Morikawa, Takayuki and Ramaswamy, Venkatram and Rao, Vithala and Revelt, David and Steinberg, Dan and Moshe, Ben-Akiva and Daniel, McFadden and Makoto, Abe and Ulf, B{\"{o}}ckenholt and Denis, Bolduc and Dinesh, Gopinath and Takayuki, Morikawa and Venkatram, Ramaswamy and Vithala, Rao and David, Revelt and Dan, Steinberg},
  journal = {Marketing Letters},
  number = {3},
  pages = {273--286},
  publisher = {Springer},
  title = {{Modeling Methods for Discrete Choice Analysis}},
  volume = {8},
  year = {1997}
}
@article{Golob1981,
  author = {Golob, Thomas F. and Beckmann, Martin J. and Zahavi, Yacov},
  journal = {Transportation Research Part B: Methodological},
  number = {6},
  pages = {375--389},
  title = {{A utility-theory travel demand model incorporating travel budgets}},
  volume = {15},
  year = {1981}
}

@article{Abrantes2011,
	author = {Abrantes, Pedro A.L. and Wardman, Mark R.},
	journal = {Transportation Research Part A: Policy and Practice},
	number = {1},
	pages = {1--17},
	publisher = {Pergamon},
	title = {{Meta-analysis of UK values of travel time: An update}},
	volume = {45},
	year = {2011}
}
@unpublished{Antoniou2007,
	address = {Athens},
	author = {Antoniou, Constantinos and Matsoukis, Evangelos and Roussi, Penelope},
	institution = {University of Athens},
	pages = {19},
	title = {{A Methodology for the Estimation of Value-of-Time Using State-of-the-Art Econometric Models}},
	year = {2007}
}
@article{Athira2016,
	author = {Athira, I.C. and Muneera, C.P. and Krishnamurthy, K. and Anjaneyulu, M.V.L.R.},
	journal = {Transportation Research Procedia},
	pages = {116--123},
	publisher = {Elsevier},
	title = {{Estimation of Value of Travel Time for Work Trips}},
	volume = {17},
	year = {2016}
}
@article{Becker1965,
	author = {Becker, Gary S.},
	journal = {The Economic Journal},
	number = {299},
	pages = {493},
	title = {{A Theory of the Allocation of Time}},
	volume = {75},
	year = {1965}
}
@article{Beesley1965,
	author = {Beesley, M E},
	journal = {Economica},
	number = {126},
	pages = {174},
	publisher = {[London School of Economics, Wiley, London School of Economics and Political Science, Suntory and Toyota International Centres for Economics and Related Disciplines]},
	title = {{The Value of Time Spent in Travelling: Some New Evidence}},
	volume = {32},
	year = {1965}
}
@article{Borjesson2014,
	author = {B{\"{o}}rjesson, Maria and Eliasson, Jonas},
	journal = {Transportation Research Part A: Policy and Practice},
	pages = {144--158},
	publisher = {Pergamon},
	title = {{Experiences from the Swedish Value of Time study}},
	volume = {59},
	year = {2014}
}
@article{Borjesson2012,
	author = {B{\"{o}}rjesson, Maria and Fosgerau, Mogens and Algers, Staffan},
	journal = {Transportation Research Part A: Policy and Practice},
	number = {2},
	pages = {368--377},
	publisher = {Pergamon},
	title = {{On the income elasticity of the value of travel time}},
	volume = {46},
	year = {2012}
}
@article{DeBorger2008,
	author = {{De Borger}, Bruno and Fosgerau, Mogens},
	journal = {Journal of Urban Economics},
	number = {1},
	pages = {101--115},
	publisher = {Academic Press},
	title = {{The trade-off between money and travel time: A test of the theory of reference-dependent preferences}},
	volume = {64},
	year = {2008}
}
@article{DeSerpa1971,
	author = {DeSerpa, A C},
	journal = {The Economic Journal},
	number = {324},
	pages = {828},
	publisher = {[Royal Economic Society, Wiley]},
	title = {{A Theory of the Economics of Time}},
	volume = {81},
	year = {1971}
}
@article{Evans1972,
	author = {Evans, Alan W},
	journal = {Scottish Journal of Political Economy},
	number = {1},
	pages = {1--17},
	publisher = {John Wiley {\&} Sons, Ltd (10.1111)},
	title = {{On the theory of the valuation and allocation of time}},
	volume = {19},
	year = {1972}
}
@article{Fezzi2014,
	author = {Fezzi, Carlo and Bateman, Ian J. and Ferrini, Silvia},
	journal = {Journal of Environmental Economics and Management},
	number = {1},
	pages = {58--70},
	publisher = {Academic Press},
	title = {{Using revealed preferences to estimate the value of travel time to recreation sites}},
	volume = {67},
	year = {2014}
}
@article{Hensher1976,
	author = {Hensher, DA},
	journal = {Journal of Transport Economics and Policy},
	pages = {167--176},
	publisher = {JSTOR},
	title = {{The value of commuter travel time savings: Empirical estimation using an alternative valuation model}},
	year = {1976}
}
@article{Hensher2001,
	author = {Hensher, David A},
	journal = {Transportation},
	number = {2},
	pages = {101--118},
	title = {{The valuation of commuter travel time savings for car drivers: Evaluating alternative model specifications}},
	volume = {28},
	year = {2001}
}
@article{Hultkrantz2013,
	author = {Hultkrantz, Lars},
	journal = {Journal of Rail Transport Planning {\&} Management},
	number = {1-2},
	pages = {14--21},
	publisher = {Elsevier},
	title = {{A note on high-speed rail investments and travelers' value of time}},
	volume = {3},
	year = {2013}
}
@article{Jain2008,
	author = {Jain, Juliet and Lyons, Glenn},
	journal = {Journal of Transport Geography},
	number = {2},
	pages = {81--89},
	publisher = {Pergamon},
	title = {{The gift of travel time}},
	volume = {16},
	year = {2008}
}
@article{Jara-Diaz2008,
	author = {Jara-D{\'{i}}az, Sergio R. and Munizaga, Marcela A. and Greeven, Paulina and Guerra, Reinaldo and Axhausen, Kay},
	isbn = {0191-2615},
	journal = {Transportation Research Part B: Methodological},
	number = {10},
	pages = {946--957},
	publisher = {Pergamon},
	title = {{Estimating the value of leisure from a time allocation model}},
	volume = {42},
	year = {2008}
}
@article{Johnson1966,
	author = {Johnson, M Bruce},
	journal = {Economic Inquiry},
	number = {2},
	pages = {135--145},
	publisher = {Wiley Online Library},
	title = {{Travel time and the price of leisure}},
	volume = {4},
	year = {1966}
}
@article{Kouwenhoven2018,
	author = {Kouwenhoven, Marco and de Jong, Gerard},
	journal = {Journal of Choice Modelling},
	pages = {97--107},
	publisher = {Elsevier},
	title = {{Value of travel time as a function of comfort}},
	volume = {28},
	year = {2018}
}
@article{Kouwenhoven2014,
	author = {Kouwenhoven, Marco and de Jong, Gerard C. and Koster, Paul and van den Berg, Vincent A.C. and Verhoef, Erik T. and Bates, John and Warffemius, Pim M.J.},
	journal = {Research in Transportation Economics},
	pages = {37--49},
	publisher = {Elsevier},
	title = {{New values of time and reliability in passenger transport in The Netherlands}},
	volume = {47},
	year = {2014}
}
@article{Kroes2014,
	author = {Kroes, Eric and Kouwenhoven, Marco and Debrincat, Laurence and Pauget, Nicolas},
	journal = {Transportation Research Record: Journal of the Transportation Research Board},
	number = {1},
	pages = {37--45},
	title = {{Value of Crowding on Public Transport in {\^{i}}le-de-France, France}},
	volume = {2417},
	year = {2014}
}
@article{Lave1969,
	author = {Lave, Charles A.},
	journal = {Transportation Research},
	number = {4},
	pages = {463--480},
	publisher = {Pergamon},
	title = {{A behavioral approach to modal split forecasting}},
	volume = {3},
	year = {1969}
}
@article{Li2012,
	author = {Li, Zheng and Hensher, David A.},
	journal = {Transport Policy},
	pages = {60--66},
	publisher = {Pergamon},
	title = {{Estimating values of travel time savings for toll roads: Avoiding a common error}},
	volume = {24},
	year = {2012}
}
@unpublished{Litchfield1999,
	author = {Litchfield, Julie A},
	institution = {World Bank},
	number = {March},
	title = {{Inequality: Methods and Tools. Text for World Bank's website on Inequality, Poverty and Socio-economic performance}},
	year = {1999}
}
@article{Lyons2005,
	author = {Lyons, Glenn and Urry, John},
	journal = {Transportation Research Part A: Policy and Practice},
	title = {{Travel time use in the information age}},
	year = {2005}
}
@techreport{Malokin2017,
	author = {Malokin, Aliaksandr and Circella, Giovanni and Mokhtarian, Patricia L},
	booktitle = {Transportation Research Board 96th Annual Meeting},
	title = {{Do multitasking millennials value travel time differently? A revealed preference study of Northern California commuters}},
	year = {2017}
}
@article{McFadden1981,
	author = {McFadden, Daniel},
	journal = {Structural analysis of discrete data with econometric applications},
	title = {{Econometric models of probabilistic choice}},
	volume = {198272},
	year = {1981}
}
@article{Merkert2017,
	author = {Merkert, Rico and Beck, Matthew},
	journal = {Transportation Research Part A: Policy and Practice},
	pages = {29--42},
	publisher = {Pergamon},
	title = {{Value of travel time savings and willingness to pay for regional aviation}},
	volume = {96},
	year = {2017}
}
@article{Redmond2001,
	author = {Redmond, Lothlorien S and Mokhtarian, Patricia L},
	journal = {Transportation},
	number = {2},
	pages = {179--205},
	publisher = {Springer},
	title = {{The positive utility of the commute: modeling ideal commute time and relative desired commute amount}},
	volume = {28},
	year = {2001}
}
@article{Shires2009,
	author = {Shires, J.D. and de Jong, G.C.},
	journal = {Evaluation and Program Planning},
	number = {4},
	pages = {315--325},
	pmid = {19679355},
	publisher = {Pergamon},
	title = {{An international meta-analysis of values of travel time savings}},
	volume = {32},
	year = {2009}
}
@article{Small2012,
	author = {Small, Kenneth A.},
	isbn = {2212-0122},
	journal = {Economics of Transportation},
	number = {1-2},
	pages = {2--14},
	title = {{Valuation of travel time}},
	volume = {1},
	year = {2012}
}
@article{Small2005,
	author = {Small, Kenneth A. and Winston, Clifford and Yan, Jia},
	journal = {Econometrica},
	number = {4},
	pages = {1367--1382},
	title = {{Uncovering the Distribution of Motorists' Preferences for Travel Time and Reliability}},
	volume = {73},
	year = {2005}
}
@book{Small2007,
	author = {Small, Kenneth A and Verhoef, Erik T and Lindsey, Robin},
	publisher = {Routledge},
	title = {{The economics of urban transportation}},
	year = {2007}
}
@article{Steimetz2005,
	author = {Steimetz, Seiji S.C. and Brownstone, David},
	journal = {Transportation Research Part B: Methodological},
	number = {10},
	pages = {865--889},
	pmid = {5331888},
	publisher = {[Royal Economic Society, Wiley]},
	title = {{Estimating commuters' ``value of time'' with noisy data: a multiple imputation approach}},
	volume = {39},
	year = {2005}
}
@article{Swait1994,
	author = {Swait, Joffre},
	journal = {Journal of Retailing and Consumer Services},
	number = {2},
	pages = {77--89},
	publisher = {Pergamon},
	title = {{A structural equation model of latent segmentation and product choice for cross-sectional revealed preference choice data}},
	volume = {1},
	year = {1994}
}
@techreport{Thomas1970,
	author = {Thomas, T and Thompson, G},
	booktitle = {Highway Research Record},
	number = {314},
	pages = {Highway Res. Rec. 314, I--19.},
	title = {{The value of time for commuting motorists as a function of their income level and amount of time saved}},
	year = {1970}
}
@book{Train2009,
	author = {Train, Kenneth E},
	publisher = {Cambridge university press},
	title = {{Discrete choice methods with simulation}},
	year = {2009}
}
@article{Uchida2014,
	author = {Uchida, Kenetsu},
	journal = {Transportation Research Part B: Methodological},
	pages = {129--147},
	publisher = {Pergamon},
	title = {{Estimating the value of travel time and of travel time reliability in road networks}},
	volume = {66},
	year = {2014}
}
@techreport{VTPI2018,
	author = {VTPI},
	title = {{Transportation Cost and Benefit Analysis II-Travel Time Costs 5.2 Travel Time}},
	year = {2018}
}
@article{Wardman2001,
	author = {Wardman, Mark},
	journal = {Transportation Research Part E: Logistics and Transportation Review},
	number = {2-3},
	pages = {107--128},
	publisher = {Pergamon},
	title = {{A review of British evidence on time and service quality valuations}},
	volume = {37},
	year = {2001}
}
@article{Wardman2004,
	author = {Wardman, Mark},
	journal = {Transport Policy},
	number = {4},
	pages = {363--377},
	title = {{Public transport values of time}},
	volume = {11},
	year = {2004}
}
@article{Wardman2016,
	author = {Wardman, Mark and Lyons, Glenn},
	journal = {Transportation},
	number = {3},
	pages = {507--530},
	publisher = {Springer US},
	title = {{The digital revolution and worthwhile use of travel time: implications for appraisal and forecasting}},
	volume = {43},
	year = {2016}
}
@article{Wardman2011,
	author = {Wardman, Mark and Whelan, Gerard},
	journal = {Transport Reviews},
	number = {3},
	pages = {379--398},
	publisher = {Routledge},
	title = {{Twenty Years of Rail Crowding Valuation Studies: Evidence and Lessons from British Experience}},
	volume = {31},
	year = {2011}
}
@article{Wichman2017,
	address = {Washington, D.C.},
	author = {Wichman, Casey J and Cunningham, Brandon},
	institution = {Resources for the Future},
	keywords = {bike-sharing,bunching,consumption splitting,nonlinear pricing,notches,opportunity cost of time},
	number = {September},
	title = {{Notching for Free : Do Cyclists Reveal the Value of Time?}},
	year = {2017}
}
